@article{kidwai2021comparative,
  title={A comparative study on shells in Linux: A review},
  author={Kidwai, Abdullah and Arya, Chandrakala and Singh, Prabhishek and Diwakar, Manoj and Singh, Shilpi and Sharma, Kanika and Kumar, Neeraj},
  journal={Materials Today: Proceedings},
  volume={37},
  pages={2612--2616},
  year={2021},
  publisher={Elsevier}
}

